<?xml version="1.0" encoding="UTF-8"?><collection xmlns="http://www.loc.gov/MARC21/slim"><record><leader>00534nam--2200157-i-4500</leader><controlfield tag="001">000012563</controlfield><controlfield tag="002">20161230</controlfield><controlfield tag="005">20170123175530</controlfield><controlfield tag="008">060222s1000------------r-----000-0-eng-d</controlfield><datafield ind1=" " ind2=" " tag="080"><subfield code="a">539.126.6(061.3):539.123(061.3)</subfield></datafield><datafield ind1=" " ind2=" " tag="245"><subfield code="a">Compte rendu de la onzieme rencontre de marion d. flaine-haute-savoie (France) 29 fevrier-12 mars 1976. nouveaux domaines en physique hadronique</subfield></datafield><datafield ind1=" " ind2=" " tag="260"><subfield code="a">Paris-sud</subfield><subfield code="b">Universite De Paris-sud</subfield><subfield code="c">1976</subfield></datafield><datafield ind1=" " ind2=" " tag="300"><subfield code="a">376 p</subfield></datafield><datafield ind1=" " ind2=" " tag="700"><subfield code="a">Tran, Jean Thanh Van</subfield></datafield><datafield ind1=" " ind2=" " tag="852"><subfield code="a">45672</subfield></datafield><datafield ind1=" " ind2=" " tag="CAT"><subfield code="a">SYS</subfield><subfield code="c">20170123</subfield><subfield code="h">175530</subfield></datafield></record></collection>